@book{Brillinger2001,
author={Brillinger, D},
title={Time Series: Data Analysis and Theory},
publisher={Society for Industrial and Applied Mathematics},
year={2001},
address={Philadelphia}}

@article{Loreau2008,
author={Loreau, M and de Mazancourt, C},
title={Species synchrony and its drivers: neutral and nonneutral community dynamics in fluctuating environments},
journal={American Naturalist},
volume={172},
pages={48-66},
year={2008}}